@article{Holland73,
  author    = {John H. Holland},
  title     = {Genetic Algorithms and the Optimal Allocation of Trials},
  journal   = {{SIAM} Journal of Computation},
  volume    = {2},
  number    = {2},
  year      = {1973},
  pages     = {88-105},
}


@ARTICLE{Boland2009,
  author = {N. Boland and I. Dumitrescu and G. Froyland and A. M. Gleixner},
  title = {LP-based disaggregation approaches to solving the open pit mining
	production scheduling problem with block processing selectivity},
  journal = {Computers and Operations Research},
  year = {2009},
  volume = {36},
  pages = {1064-1089}
}
@ARTICLE{Souza2010,
  author = {M. J. F. Souza and I. M. Coelho and S. Ribas and H. G. Santos and L. H. C. Merschmann},
  title = {A hybrid heuristic algorithm for the open-pit-mining operational planning problem},
  journal = {European Journal of Operational Research},
  year = {2010},
  volume = {207},
  number = {2},
  pages = {1041-1051}
}

@MASTERSTHESIS{Costa05,
  author = {F. P. Costa},
  title = {Applications of optimization techniques to open-pit-mining problems (in portuguese)},
  school = {Programa de P\'os-Gradua\c{c}\~ao em Engenharia Mineral, Escola de Minas, UFOP, Ouro Preto, Brazil},
  type = {Master's Dissertation},
  year = {2005}
}

@ARTICLE{Costa005,
  author = {F. P. Costa and M. J. F. Souza and L. R. Pinto},
  title = {A model of mathematical programming for static allocation of trucks aiming quality and production goals (in portuguese)},
  journal = {Revista da Escola de Minas},
  year = {2005},
  volume = {58},
  pages = {77-81}
}

@ARTICLE{Costa04,
  author = {F. P. Costa and M. J. F. Souza and L. R. Pinto},
  title = {A model of dynamic allocation of trucks (in portuguese)},
  journal = {Revista Brasil Mineral},
  year = {2004},
  volume = {231},
  pages = {26-31}
}

@INPROCEEDINGS{Ezawa95,
  author = {L. Ezawa and K. S. Silva},
  title = {Dynamic allocation of trucks aiming quality (in portuguese)},
  booktitle = {Proceedings of the VI Congresso Brasileiro de Minera\c{c}\~ao},
  year = {1995},
  pages = {15-19},
  address = {Salvador, Bahia, Brazil}
}

@ARTICLE{Feo95,
  author = {T. A. Feo and M. G. C. Resende},
  title = {Greedy randomized adaptive search procedures},
  journal = {Journal of Global Optimization},
  year = {1995},
  volume = {6},
  pages = {109-133}
}

@ARTICLE{FOURER90,
  author = {Fourer, R. and Gay, D. M. and Kernighan, B. W.},
  title = {A modeling language for mathematical programming},
  journal = {Management Science},
  year = {1990},
  volume = {36},
  pages = {519--554},
  number = {5},
  month = {May},
  owner = {haroldo},
  timestamp = {2010.01.31}
}

@ARTICLE{Godoy2004,
  author = {M. Godoy and R. Dimitrakopoulos},
  title = {Managing risk and waste mining in long-term production scheduling
	of open-pit mines},
  journal = {SME Transactions},
  year = {2004},
  volume = {316},
  pages = {43-50}
}

@inproceedings{Pantuza09,
 author    = {G. Pantuza and M. J. F. Souza},
 title     = {A new mathematical programming for the open-pit-mining problem (in portuguese)},
 booktitle = {Proceedings of the XVI Simp\'osio de Engenharia de Produ\c{c}\~ao (SIMPEP)},
 pages     = {},
 volume    = {},
 address   = {Bauru, S\~ao Paulo},
 year      = {2009}
}

@ARTICLE{Hansen2001,
  author = {P. Hansen and N. Mladenovi\'{c}},
  title = {Variable neighborhood search: Principles and applications},
  journal = {European Journal of Operational Research},
  year = {2001},
  volume = {130},
  pages = {449-467}
}


@ARTICLE{Hansen-2008,
  author = {P. Hansen and N. Mladenovi{\'{c}} and J. A. M. P\'erez},
  title = {Variable neighborhood search},
  journal = {European Journal of Operational Research},
  year = {2008},
  volume = {191},
  pages = {593--595}
}

@MANUAL{ILOG08,
  title = {CPLEX 11.0 User's Manual},
  author = {ILOG},
  year = {2008},
  owner = {haroldo},
  timestamp = {2010.01.31}
}


@INCOLLECTION{Lourenco03,
  author = {H. R. Louren\c{c}o and O. C. Martin and T. St\"utzle},
  title = {Iterated Local Search},
  booktitle = {Handbook of Metaheuristics},
  publisher = {Kluwer Academic Publishers},
  year = {2003},
  editor = {F. Glover and G. Kochenberger},
  address = {Boston}
}

@mastersthesis{Merschmann02,
 author = {L. H. C. Merschmann},
 title  = {Desenvolvimento de um sistema de otimização e simulação para análise de cenários de produção em minas a céu aberto},
 year   = {2002},
 type   = {Mestrado em Engenharia de Produção},
 school = {PEP/COPPE/UFRJ, Rio de Janeiro}
}

@ARTICLE{Mladenovic97,
  author = {N. Mladenovi\'{c} and P. Hansen},
  title = {Variable Neighborhood Search},
  journal = {Computers and Operations Research},
  year = {1997},
  volume = {24},
  number = "11",
  pages = {1097-1100}
}

@BOOK{Papadimitriou98,
  title = {Combinatorial Optimization: Algorithms and Complexity},
  publisher = {Dover Publications, Inc.},
  year = {1998},
  author = {C. H. Papadimitriou and K. Steiglitz},
  address = {New York}
}

@INCOLLECTION{ResendeAndRibeiro2003,
  author = {M. G. C. Resende and C. C. Ribeiro},
  title = {Greedy randomized adaptive search procedures},
  booktitle = {Handbook of Metaheuristics},
  publisher = {Kluwer Academic Publishers},
  year = {2003},
  editor = {F. Glover and G. Kochenberger},
  pages = {219-242},
  address = {Boston}
}

@INCOLLECTION{ResendeAndRibeiro2010,
  author = {M. G. C. Resende and C. C. Ribeiro},
  title = {Greedy randomized adaptive search procedures: Advances, hybridizations, and applications},
  booktitle = {Handbook of Metaheuristics},
  publisher = {Springer},
  year = {2010},
  edition = {2},
  editor = {M. Gendreau and J.Y. Potvin},
  pages = {283-319},
  address = {New York}
}

@MASTERSTHESIS{Rodrigues06,
  author = {L. F. Rodrigues},
  title = {An\'alise comparativa de metodologias utilizadas no despacho de caminh\~oes
	em minas a c\'eu aberto},
  school = {Programa de P\'os-Gradua\c{c}\~ao em Engenharia de Produ\c{c}\~ao,
	Escola de Engenharia, UFMG, Belo Horizonte},
  year = {2006}
}

@ARTICLE{Romero04,
  author = {C. Romero},
  title = {A general structure of achievement function for a goal programming
	model},
  journal = EJOR,
  year = {2004},
  volume = {153},
  pages = {675--686}
}

@ARTICLE{Sgurev1989,
  author = {V. Sgurev and V. Vassilev and N. Dokev and K. Genova and S. Drangajov
	and Ch. Korsemov and A. Atanassov},
  title = {TRASY - An automated system for real-time control of the industrial
	truck haulage in open-pit mines},
  journal = {European Journal of Operational Research},
  year = {1989},
  volume = {43},
  pages = {44-52}
}

@ARTICLE{Stutzle-2006,
  author = {T. St\"utzle},
  title = {Iterated local search for the quadratic assignment problem},
  journal = {European Journal of Operational Research},
  year = {2006},
  volume = {174},
  pages = {1519--1539}
}

@ARTICLE{White82,
  author = {J. W. White and M. J. Arnold and J. G. Clevenger},
  title = {Automated open-pit truck dispatching at {Tyrone}},
  journal = EMJ,
  year = {1982},
  volume = {183},
  pages = {76--84},
  number = {6}
}

@ARTICLE{White86,
  author = {J. W. White and J. P. Olson},
  title = {Computer-based dispatching in mines with concurrent operating objectives},
  journal = {Mining Engineering},
  year = {1986},
  volume = {38},
  pages = {1045-1054},
  number = {11}
}

@BOOK{GLOV03,
  title = {Handbook of Metaheuristics},
  publisher = {Kluwer Academic Publishers},
  year = {2003},
  editor = {Glover, F. and Kochenberger, G.},
  owner = {haroldo},
  timestamp = {2010.01.31}
}

@ARTICLE{Beyer02,
  author = {H. G. Beyer and H. P. Schwefel},
  title = {Evolution strategies - A comprehensive introduction},
  journal = {Natural Computing},
  year = {2002},
  volume = {1},
  pages = {3-52},
  number = {}
}

@ARTICLE{Lino01,
  author = {L. Costa and P. Oliveira},
  title = {Evolutionary algorithms approach to the solution of mixed integer non-linear programming problems},
  journal = {Computers \& Chemical Engineering},
  year = {2001},
  volume = {25},
  pages = {257-266},
  number = {10}
}

@ARTICLE{Rajasekaran06,
  author = {S. Rajasekaran},
  title = {Optimal mix for high performance concrete by evolution strategies combined with neural networks},
  journal = {Indian Journal of Engineering and Materials Sciences},
  year = {2006},
  volume = {13},
  pages = {7-17},
  number = {11}
}

@article{johnson1988easy,
  title={How easy is local search?},
  author={Johnson, David S and Papadimitriou, Christos H and Yannakakis, Mihalis},
  journal={Journal of computer and system sciences},
  volume={37},
  number={1},
  pages={79--100},
  year={1988},
}


@article{kirkpatrick1984optimization,
  title={Optimization by simulated annealing: Quantitative studies},
  author={Kirkpatrick, Scott},
  journal={Journal of statistical physics},
  volume={34},
  number={5-6},
  pages={975--986},
  year={1984},
  publisher={Springer}
}



@article{glover1989tabu,
  title={Tabu search-part I},
  author={Glover, Fred},
  journal={ORSA Journal on computing},
  volume={1},
  number={3},
  pages={190--206},
  year={1989},
  publisher={INFORMS}
}


@article{glover1993user,
  title={A user's guide to tabu search},
  author={Glover, Fred and Taillard, Eric},
  journal={Annals of operations research},
  volume={41},
  number={1},
  pages={1--28},
  year={1993},
  publisher={Springer}
}


@INCOLLECTION{Glover96,
  AUTHOR = {F. Glover},
  TITLE = {Tabu Search and adaptive memory programming - advances, applications and challenges},
  BOOKTITLE = {Interfaces in Computer Sciences and Operations Research},
  PUBLISHER = {Kluwer Academic Publishers},
  SERIES = {},
  CHAPTER = {},
  PAGES = {1-75},
  YEAR = {1996},
  EDITOR = {R. Barr and R. Helgason and J. Kennington}
}

@inproceedings{Coelho08a,
 author    = {I. M. Coelho and S. Ribas and M. J. F. Souza},
 title     = {An algorithm based on {GRASP}, {VND} and Iteraled Local Search for solving the open-pit-mining (in portuguese)},
 booktitle = {XV Simpósio de Engenharia de Produção},
 pages     = {},
 volume    = {},
 address   = {Bauru/SP},
 year      = {2008}
}

@InProceedings{ Guimaraes07,
	author = "I. F. Guimar{\~a}es and G. Pantuza and M. J. F. Souza",
	title = "Computational simulation model for solutions validation of the open-pit-mining with dynamic trucks allocation (in portuguese)",
	booktitle = "Anais do XIV Simp{\'o}sio de Engenharia de Produ\c{c}{\~a}o (SIMPEP)",
	pages = "1--11",
	volume = "1",
	address = "Bauru/SP",
	year = "2007"
}
@Article{Aiex02,
	title = "{Probability distribution of solution time in GRASP: An experimental investigation}",
	author = "R. M. Aiex and M. G. C. Resende and C. C. Ribeiro",
	journal = "Journal of Heuristics",
	volume = "8",
	pages = "343--373",
	year = "2002",
	publisher = "Springer"
}


@article {Aiex07,
   author = {R. M. Aiex and M. G. C. Resende and C. C. Ribeiro},
   affiliation = {Catholic University of Rio de Janeiro Department of Computer Science Rio de Janeiro RJ 22451 Brazil},
   title = {{TTT}plots: a perl program to create time-to-target plots},
   journal = {Optimization Letters},
   publisher = {Springer Berlin / Heidelberg},
   issn = {},
   keyword = {Business and Economics},
   pages = {355-366},
   volume = {1},
   issue = {4},
   url = {},
   note = {},
   year = {2007}
}
@article {Ribeiro11,
   author = {C. C. Ribeiro and M. G. C. Resende},
   affiliation = {Department of Computer Science, Universidade Federal Fluminense, Rua Passo da Pátria 156, Niterói, RJ
24210-240, Brazil},
   title = {Path-relinking intensification methods for stochastic local search algorithms},
   journal = {Journal of Heuristics},
   publisher = {Springer Netherlands},
   issn = {},
   keyword = {Computer Science},
   pages = {1-22},
   url = {},
   note = {},
   year = {2011}
}
@article {Feo94,
   author = {T. A. Feo and M. G. C. Resende and S. H. Smith},
   affiliation = {},
   title = {A greedy randomized adaptive search procedure for maximum independent set},
   journal = {Operations Research},
   publisher = {},
   issn = {},
   keyword = {Computer Science},
   volume = {42},
   pages = {860-878},
   url = {},
   note = {},
   year = {1994}
}

@inproceedings{Freitas2011,
   author = {A. R. Freitas and F. G. Guimaraes},
   title = {Originality and Diversity in the Artificial Evolution of Melodies},
 booktitle = {Proceedings of the 13th annual Conference on Genetic and Evolutionary Computation},
 pages     = {},
 volume    = {},
 address   = {New York},
 year      = {2011}
}

@INCOLLECTION{DeJong1997,
  author = {K. De Jong and D. David and B. Fogel and H.P. Schwefel},
  title = {A history of evolutionary computation},
  booktitle = {Handbook of Evolutionary Computation},
  publisher = {Oxford University Press and and Institute of Physics Publishing},
  edition = {3},
  year = {1997},
  pages = {1-12},
  editor = {F. Glover and G. Kochenberger},
  address = {New York/Bristol}
}

@inproceedings{Ribeiro2009,
   author = "C. C. Ribeiro and I. Rosseti",
   title = "Exploiting run time distributions to compare sequential and parallel stochastic local search algorithms",
 booktitle = "Proceedings of the VIII Metaheuristics International Conference",
 address   = "Hamburg",
 year      = "2009"
}



@inproceedings{Coelho2011,
	author = {Coelho, I. M. and Munhoz, P. L. A. and Haddad, M. N. and Coelho, V. N. and Silva, M. M and
Souza, M. J. F. and Ochi, L. S},
	title  = {A computational framework for combinatorial optimization problems},
 booktitle = {VII ALIO/EURO Workshop on Applied Combinatorial Optimization},
 pages     = {51--54},
 year      = {2011}
}

@article{Coelho2012,
title = "Multi-objective approaches for the open-pit-mining operational planning problem",
journal = "Electronic Notes in Discrete Mathematics",
volume = "39",
pages = "233 - 240",
year = "2012",
issn = "1571-0653",
doi = "10.1016/j.endm.2012.10.031",
author = "Coelho, V. N. and Souza, M. J. F. and Coelho, I.M. and Guimaraes,F. G. and Lust, T. and Cruz, R. C.",
keywords = "Open-pit-mining",
keywords = "Multi-objective optimization",
keywords = "Two-phase Pareto Local Search with VNS",
keywords = "Multi-objective Variable Neighborhood Search",
keywords = "NSGA-II"
}

@incollection {Lust2011,
   author = {Lust, Thibaut and Teghem, Jacques and Tuyttens, Daniel},
   affiliation = {Laboratory of Mathematics & Operational Research, Faculté Polytechnique de Mons, 20, place du parc,
7000 Mons, Belgium},
   title = {Very Large-Scale Neighborhood Search for Solving Multiobjective Combinatorial Optimization Problems},
   booktitle = {Evolutionary Multi-Criterion Optimization},
   series = {Lecture Notes in Computer Science},
   editor = {Takahashi, Ricardo and Deb, Kalyanmoy and Wanner, Elizabeth and Greco, Salvatore},
   publisher = {Springer Berlin / Heidelberg},
   pages = {254-268},
   volume = {6576},
   year = {2011}
}

@article{Coelho2012b,

author = "Coelho, I. M. and Munhoz, P. L. A. and Haddad, M. N. and Souza, M. J. F. and Ochi, L. S.",
title = "A hybrid heuristic based on General Variable Neighborhood Search for the Single Vehicle Routing Problem with
Deliveries and Selective Pickups ",

journal = "Electronic Notes in Discrete Mathematics ",

volume = "39",



pages = "99 - 106",

year = "2012",

issn = "1571-0653",

doi = "10.1016/j.endm.2012.10.014",

keywords = "Single Vehicle Routing Problem with Deliveries and Selective Pickups",

keywords = "General Variable Neighborhood Search",

keywords = "Hybrid Metaheuristics "

}




@article{Qaurooni2013,
title = {Course timetabling using evolutionary operators},
journal = {Applied Soft Computing},
volume = {13},
number = {5},
pages = {2504 - 2514},
year = {2013},
author = {Danial Qaurooni and Mohammad-R. Akbarzadeh-T}
}


@article{Andersen2012,
title = "Evolution strategies and multi-objective optimization of permanent magnet motor ",
journal = "Applied Soft Computing ",
volume = "12",
number = "2",
pages = "778 - 792",
year = "2012",
author = "Søren B. Andersen and Ilmar F. Santos"
}


@article{Chaquet2012,
title = "Solving differential equations with Fourier series and Evolution Strategies ",
journal = "Applied Soft Computing ",
volume = "12",
number = "9",
pages = "3051 - 3062",
year = "2012",
author = "Jose M. Chaquet and Enrique J. Carmona"
}


@article{borgia1986sexual,
  title={Sexual selection in bowerbirds},
  author={Borgia, Gerald},
  journal={Scientific American},
  volume={254},
  number={6},
  pages={92--100},
  year={1986},
  publisher={Scientific American, Inc.}
}

@article{Aler2012,

title = "Applying evolution strategies to preprocessing {EEG} signals for brain-computer interfaces ",

journal = "Information Sciences ",

volume = "215",



pages = "53 - 66",

year = "2012",

note = "",

issn = "0020-0255",

doi = "http://dx.doi.org/10.1016/j.ins.2012.05.012",

author = "Ricardo Aler and Inés M. Galván and José M. Valls",

}



@article{Cai1996,

title = "Evolution strategies for solving discrete optimization problems ",

journal = "Advances in Engineering Software ",

volume = "25",

number = "2-3",

pages = "177 - 183",

year = "1996",

note = "Computing in Civil and Structural Engineering ",

issn = "0965-9978",

author = "Jianbo Cai and Georg Thierauf",

}


@ARTICLE{Yao2011,
author={Yao, L. and Zhang, A.-L. and Yang, H.-J.},
title={Discretion variable optimization design of prestressed steel truss with stress constrains},
journal={Beijing Gongye Daxue Xuebao/Journal of Beijing University of Technology},
year={2011},
volume={37},
number={3},
pages={368-374},
}

@ARTICLE{Chen2009,
author={Chen, T.Y. and Chen, H.C.},
title={Mixed-discrete structural optimization using a rank-niche evolution strategy},
journal={Engineering Optimization},
year={2009},
volume={41},
number={1},
pages={39-58},
note={cited By (since 1996)6},
url={http://www.scopus.com/inward/record.url?eid=2-s2.0-58049150540&partnerID=40&md5=0980b6531d3304bc169f4f99508d1df8},
document_type={Article},
source={Scopus},
}

@ARTICLE{Hasancebi2007,
author={Hasancebi, O.},
title={Discrete approaches in evolution strategies based optimum design of steel frames},
journal={Structural Engineering and Mechanics},
year={2007},
volume={26},
number={2},
pages={191-210},
}

@article{Kashan2015,
title = "Grouping evolution strategies: An effective approach for grouping problems ",
journal = "Applied Mathematical Modelling ",
volume = "39",
number = "9",
pages = "2703 - 2720",
year = "2015",
issn = "0307-904X",
doi = "http://dx.doi.org/10.1016/j.apm.2014.11.001",
author = "Ali Husseinzadeh Kashan and Ali Akbar Akbari and Bakhtiar Ostadi",
}


@article{Prado2014,
title = "Differential evolution using ancestor tree for service restoration in power distribution systems ",
journal = "Applied Soft Computing ",
volume = "23",
pages = "498 - 508",
year = "2014",
issn = "1568-4946",
doi = "http://dx.doi.org/10.1016/j.asoc.2014.06.005",
author = "Ricardo S. Prado and Rodrigo C. Pedrosa Silva and Oriane M. Neto and Frederico G. Guimar\~aes and Danilo Sipoli Sanches and Jo\~ao Bosco A. London Jr. and Alexandre C.B. Delbem",
}

@article{Andersen2012,
title = "Evolution strategies and multi-objective optimization of permanent magnet motor ",
journal = "Applied Soft Computing ",
volume = "12",
number = "2",
pages = "778 - 792",
year = "2012",
issn = "1568-4946",
doi = "http://dx.doi.org/10.1016/j.asoc.2011.10.013",

author = "Soren B. Andersen and Ilmar F. Santos",
}

@INPROCEEDINGS{Coelho2014WCCI,
author={Coelho, V.N. and Guimaraes, F.G. and Reis, A.J.R. and Coelho, I.M. and Coelho, B.N. and Souza, M.J.F.},
booktitle={Fuzzy Systems (FUZZ-IEEE), 2014 IEEE International Conference on},
title={A heuristic fuzzy algorithm bio-inspired by Evolution Strategies for energy forecasting problems},
year={2014},
month={July},
pages={338-345},
doi={10.1109/FUZZ-IEEE.2014.6891794},
}


@article {Lust2010,
   author = {Lust, Thibaut and Teghem, Jacques},
   title = {Two-phase Pareto local search for the biobjective traveling salesman problem},
   journal = {Journal of Heuristics},
   publisher = {Springer Netherlands},
   issn = {1381-1231},
   keyword = {Mathematics and Statistics},
   pages = {475-510},
   volume = {16},
   issue = {3},
   year = {2010}
}




@INPROCEEDINGS{Coelho2014WCCI,
author={Coelho, V.N. and Guimaraes, F.G. and Reis, A.J.R. and Coelho, I.M. and Coelho, B.N. and Souza, M.J.F.},
booktitle={Fuzzy Systems (FUZZ-IEEE), 2014 IEEE International Conference on},
title={A heuristic fuzzy algorithm bio-inspired by Evolution Strategies for energy forecasting problems},
year={2014},
month={July},
pages={338-345},
doi={10.1109/FUZZ-IEEE.2014.6891794}
}


@inproceedings{Coelho2014Clemsom,
  title={A General Variable Neighborhood Search heuristic for short term load forecasting in Smart Grids environment},
  author={Coelho, Vitor N and Guimaraes, Frederico G and Reis, Agnaldo JR and Coelho, Bruno N and Coelho, Igor M and Souza, Marcone JF},
  booktitle={Power Systems Conference (PSC), 2014 Clemson University},
  pages={1--8},
  year={2014}
}



@article{Lee2011,
title = "Forecasting energy consumption using a grey model improved by incorporating genetic programming ",
journal = "Energy Conversion and Management ",
volume = "52",
number = "1",
pages = "147 - 152",
year = "2011",
issn = "0196-8904",
doi = "10.1016/j.enconman.2010.06.053",
author = "Yi-Shian Lee and Lee-Ing Tong",
}


@article{Liu2014,



title = "A hybrid forecasting model with parameter optimization for short-term load forecasting of micro-grids ",



journal = "Applied Energy ",



volume = "129",







pages = "336 - 345",



year = "2014",



note = "",



issn = "0306-2619",

doi = "http://dx.doi.org/10.1016/j.apenergy.2014.05.023",


author = "Nian Liu and Qingfeng Tang and Jianhua Zhang and Wei Fan and Jie Liu",



}


@article{Chuang2015,
title = "A real-coded genetic algorithm with a direction-based crossover operator ",
journal = "Information Sciences ",
volume = "305",
pages = "320 - 348",
year = "2015",
issn = "0020-0255",
doi = "http://dx.doi.org/10.1016/j.ins.2015.01.026",
author = "Yao-Chen Chuang and Chyi-Tsong Chen and Chyi Hwang",
}


@inproceedings{herdy1992reproductive,
  title={Reproductive Isolation as Strategy Parameter in Hierarichally Organized Evolution Strategies},
  author={Herdy, Michael},
  booktitle={Parallel Problem Solving from Nature},
  publisher = {Elsevier, Amsterdam},
  volume = {2},
  pages={207 - 217},
  year={1992}
}


@ARTICLE{Deb2002,
author={Deb, K. and Pratap, A. and Agarwal, S. and Meyarivan, T.},
journal={Evolutionary Computation, IEEE Transactions on},
title={A fast and elitist multiobjective genetic algorithm: {NSGA-II}},
year={2002},
volume={6},
number={2},
pages={182-197},
doi={10.1109/4235.996017},
ISSN={1089-778X},
}

@ARTICLE{Geiger2004,
  author = {Geiger, Martin Josef},
  title = {Randomised Variable Neighbourhood Search for Multi Objective Optimisation},
  journal = {In Proceedings of the 4th EUME Workshop Design and Evaluation of
	Advanced Hybrid MetaHeuristics},
  year = {2004},
  volume = {November 4},
  pages = {34--42},
  number = {Nottingham, United Kingdom,},
  url = {http://arxiv.org/abs/0809.0271}
}


@article{Li2013,
 author = {Li, Rui and Emmerich, Michael T. M. and Eggermont, Jeroen and B\"{a}ck, Thomas and Sch\"{u}tz, M. and Dijkstra, J. and Reiber, J. H. C.},
 title = {Mixed Integer Evolution Strategies for Parameter Optimization},
 journal = {Evolutionary Computing},
 volume = {21},
 number = {1},
 year = {2013},
 issn = {1063-6560},
 pages = {29--64},
 numpages = {36},
 doi = {10.1162/EVCO_a_00059},
 acmid = {2464112},
 publisher = {MIT Press},
 address = {Cambridge, MA, USA}
} 

@article{Fonseca2014,
title = "Variable Neighborhood Search based algorithms for high school timetabling ",
journal = "Computers \& Operations Research ",
volume = "52, Part B",
pages = "203 - 208",
year = "2014",
note = "Recent advances in Variable neighborhood search ",
issn = "0305-0548",
doi = "http://dx.doi.org/10.1016/j.cor.2013.11.012",
author = "George H.G. Fonseca and Haroldo G. Santos",
}


@article{Abdullah2012,
title = "On the use of multi neighbourhood structures within a Tabu-based memetic approach to university timetabling problems ",
journal = "Information Sciences ",
volume = "191",
pages = "146 - 168",
year = "2012",
note = "Data Mining for Software Trustworthiness ",
issn = "0020-0255",
doi = "http://dx.doi.org/10.1016/j.ins.2011.12.018",
author = "Salwani Abdullah and Hamza Turabieh",
}

@article{cota_haddad_souza_nazario_cec2014,
 address              = {Beijing, China},
 author               = {L. P. Cota and M. N. Haddad and M. J . F. Souza and V. N. Coelho},
 journal              = {In Proceedings of the 2014 IEEE Congress on Evolutionary Computation (CEC 2014)},
 title                = {AIRP: A heuristic algorithm for solving the unrelated parallel machine sheduling problem},
 year                 = {2014},
 }

@article{cota_haddad_souza_xavier_cnmac2014,
 address              = {Natal, Rio Grande do Norte},
 author               = {L. P. Cota and M. N. Haddad and M. J. F. Souza and A. X. Martins},
 journal              = {In Proceedings of the 35th Congresso Nacional de Matem{\'a}tica Aplicada e Computacional},
 title                = {Um algoritmo heur{\'i}stico para resolver o problema de sequenciamento em m{\'a}quinas paralelas n{\~a}o-relacionadas com tempos de prepara\c{c}{\~a}o dependentes da sequ{\^e}ncia},
 year                 = {2014},
 }

@article{garey79,
 author               = {M.R Garey and D.S. Johnson},
 journal              = {WH Freeman \& Co., San Francisco},
 title                = {Computers and intractability: A guide to the theory of NP-Completeness},
 volume               = {174},
 year                 = {1979},
 }

@article{haddad_cota_souza_maculan_iceis2014,
 address              = {Lisboa, Portugal},
 author               = {M. N. Haddad and L. P. Cota and M. J. F. Souza and N. Maculan},
 doi                  = {10.5220/0004884603760383},
 journal              = {In Proceedings of the 16th International Conference on Enterprise Information Systems (ICEIS 2014)},
 pages                = {376--383},
 title                = {AIV: A Heuristic Algorithm based on Iterated Local Search and Variable Neighborhood Descent for Solving the Unrelated Parallel Machine Scheduling Problem with Setup Times},
 year                 = {2014},
 }

@article{haddad_cota_souza_maculan_lnbip2015,
 author               = {M. N. Haddad and L. P. Cota and M. J. F. Souza and N. Maculan},
 doi                  = {10.1007/978-3-319-22348-3_8},
 editor               = {Springer International Publishing},
 issn                 = {1865-1348},
 journal              = {Lecture Notes in Enterprise Information Systems},
 pages                = {131--148},
 title                = {Solving the Unrelated Parallel Machine Scheduling Problem with Setup Times by Efficient Algorithms Based on Iterated Local Search},
 volume               = {227},
 year                 = {2015},
 }

@misc{insts,
 author               = {SOA},
 note                 = {Sistemas de Optimizacion Aplicada. A web site that includes benchmark problem data sets and solutions for scheduling problems. Available at http://soa.iti.es/problem-instances},
 year                 = {2011},
 }

@article{raba06,
 author               = {G. Rabadi and R. J. Moraga and A. Al-Salem},
 journal              = {Journal of Intelligent Manufacturing},
 number               = {1},
 pages                = {85-97},
 publisher            = {Springer},
 title                = {{Heuristics for the unrelated parallel machine scheduling problem with setup times}},
 volume               = {17},
 year                 = {2006},
 }

@article{ruiz11,
 author               = {E. Vallada and R. Ruiz},
 journal              = {European Journal of Operational Research},
 number               = {3},
 pages                = {612--622},
 title                = {{A genetic algorithm for the unrelated parallel machine scheduling problem with sequence dependent setup times}},
 volume               = {211},
 year                 = {2011},
 }

@article{salem04,
 author               = {A. Al-Salem},
 journal              = {Engineering Journal of the University of Qatar},
 number               = {1},
 pages                = {177-187},
 title                = {Scheduling to minimize makespan on unrelated parallel machines with sequence dependent setup times},
 volume               = {17},
 year                 = {2004},
 }


@article{ying12,
 author               = {Kuo-Ching Ying and Zne-Jung Lee and Shih-Wei Lin},
 journal              = {Journal of Intelligent Manufacturing},
 number               = {5},
 pages                = {1795-1803},
 title                = {Makespan minimisation for scheduling unrelated parallel machines with setup times},
 volume               = {23},
 year                 = {2012},
 }
 
 @article{Prins2002,
year={2002},
issn={1570-1166},
journal={Journal of Mathematical Modelling and Algorithms},
volume={1},
number={2},
title={Efficient Heuristics for the Heterogeneous Fleet Multitrip {VRP} with Application to a Large-Scale Real Case},
publisher={Kluwer Academic Publishers},
keywords={vehicle routing; heterogeneous fleet; bin packing; tabu search},
author={C. Prins},
pages={135--150},
}


@ARTICLE{dantzig59,

  author = {G. B. Dantzig and J. H. Ramser},

  title = {The Truck Dispatching Problem},

  journal = {Management Science},

  year = {1959},

  volume = {6},
  number =       {1},
  pages = {80--91}

}

@phdthesis{shapiro1964analysis,
  title={An analysis of variance test for normality(complete samples).},
  author={Shapiro, Samuel Sanford and Wilk, Martin B},
  year={1964},
  school={JSTOR}
}

@ARTICLE{Rahman1999,
author={Drezga, I. and Rahman, S.},
journal={Power Systems, IEEE Transactions on},
title={Short-term load forecasting with local ANN predictors},
year={1999},
month={Aug},
volume={14},
number={3},
pages={844-850},
doi={10.1109/59.780894},
ISSN={0885-8950},}


@article{Goodwin1999,

title = "On the asymmetry of the symmetric \{MAPE\} ",

journal = "International Journal of Forecasting ",

volume = "15",

number = "4",

pages = "405 - 408",

year = "1999",

note = "",

issn = "0169-2070",

doi = "http://dx.doi.org/10.1016/S0169-2070(99)00007-2",

author = "Paul Goodwin and Richard Lawton",

}

@article{Song93FTS,
title = "Fuzzy time series and its models",
journal = "Fuzzy Sets and Systems",
volume = "54",
number = "3",
pages = "269 - 277",
year = "1993",
issn = "0165-0114",
doi = "http://dx.doi.org/10.1016/0165-0114(93)90372-O",
author = "Qiang Song and Brad S. Chissom",
}


@article{laporteVehicle2009,
    address = {Institute for Operations Research and the Management Sciences (INFORMS), Linthicum, Maryland, USA},
    author = {Laporte, Gilbert},
    issn = {1526-5447},
    journal = {Transportation Science},
    month = nov,
    pages = {408--416},
    posted-at = {2012-09-26 21:50:05},
    priority = {3},
    publisher = {INFORMS},
    title = {{Fifty Years of Vehicle Routing}},
    volume = {43},
    year = {2009}
}

@incollection {Lust2011,
   author = {Lust, Thibaut and Teghem, Jacques and Tuyttens, Daniel},
   affiliation = {Laboratory of Mathematics & Operational Research, Faculté Polytechnique de Mons, 20, place du parc,
7000 Mons, Belgium},
   title = {Very Large-Scale Neighborhood Search for Solving Multiobjective Combinatorial Optimization Problems},
   booktitle = {Evolutionary Multi-Criterion Optimization},
   series = {Lecture Notes in Computer Science},
   editor = {Takahashi, Ricardo and Deb, Kalyanmoy and Wanner, Elizabeth and Greco, Salvatore},
   publisher = {Springer Berlin / Heidelberg},
   pages = {254-268},
   volume = {6576},
   year = {2011}
}

@article {Lust2010,
   author = {Lust, Thibaut and Teghem, Jacques},
   affiliation = {Faculté Polytechnique de Mons, Laboratory of Mathematics and Operational Research Mons Belgium},
   title = {Two-phase Pareto local search for the biobjective traveling salesman problem},
   journal = {Journal of Heuristics},
   publisher = {Springer Netherlands},
   issn = {1381-1231},
   keyword = {Mathematics and Statistics},
   pages = {475-510},
   volume = {16},
   issue = {3},
   year = {2010}
}



@ARTICLE{Geiger2004,
  author = {Geiger, Martin Josef},
  title = {Randomised Variable Neighbourhood Search for Multi Objective Optimisation},
  journal = {In Proceedings of the 4th EUME Workshop Design and Evaluation of
	Advanced Hybrid MetaHeuristics},
  year = {2004},
  volume = {November 4},
  pages = {34--42},
  number = {Nottingham, United Kingdom,},
  url = {http://arxiv.org/abs/0809.0271}
}

@ARTICLE{Deb2002,
author={Deb, K. and Pratap, A. and Agarwal, S. and Meyarivan, T.},
journal={Evolutionary Computation, IEEE Transactions on},
title={A fast and elitist multiobjective genetic algorithm: {NSGA-II}},
year={2002},
volume={6},
number={2},
pages={182-197},
doi={10.1109/4235.996017},
ISSN={1089-778X},
}

@ARTICLE{Dantzig1954,
    author = {G Dantzig and R Fulkerson and S Johnson},
    title = {Solution of a large-scale traveling-salesman problem},
    journal = {Operations Research},
    year = {1954},
    volume = {2},
    pages = {393--410}
}

@INPROCEEDINGS{Munhoz2012,
  author = {Munhoz, P. L. A. and Ochi, L. S. and Souza, M. J. F.},
  title = {Um algoritmo baseado em Iterated Local Search para o Problema de Roteamento de Ve\'iculos Peri\'odico},
  booktitle = {Anais XXXII Encontro Nacional de Engenharia de Produ\c{c}\~ao (ENEGEP)},
  year = {2012},
  volume = {1},
  pages = {1--15},
  address = {Bento Gon\c{c}alves/RS}
}


@article{Gaspero2003,
 author = {Di Gaspero, Luca and Schaerf, Andrea},
 title = {EasyLocal++: an object-oriented framework for the flexible design of local-search algorithms},
 journal = {Softw. Pract. Exper.},
 volume = {33},
 number = {8},
 month = jul,
 year = {2003},
 issn = {0038-0644},
 pages = {733--765},
 numpages = {33},
 acmid = {876810},
 publisher = {John Wiley \& Sons, Inc.},
 address = {New York, NY, USA},
 keywords = {(meta-)heuristics, algorithms design and implementation, analysis of algorithms, local search},
} 



@incollection{Fink2003,
year={2003},
isbn={978-1-4020-7002-0},
booktitle={Optimization Software Class Libraries},
volume={18},
series={Operations Research/Computer Science Interfaces Series},
editor={Vob, Stefan and Woodruff, DavidL.},
title={Hotframe: A Heuristic Optimization Framework},
publisher={Springer US},
author={Fink, Andreas and Voß, Stefan},
pages={81-154}
}

@inproceedings{Graccho99,
 author    = {M. Graccho and S. C. S. Porto},
 title     = {{TabOOBuilder}: An Object-Oriented Framework for Building Tabu Search Applications.},
 booktitle = {Proceedings of the Third Metaheuristics International Conference},
 pages     = {247-251},
 volume    = {},
 address   = {Angra dos Reis, Rio de Janeiro},
 year      = {1999}
}


@inproceedings{Mendes01,
 author    = {A. Mendes and P. Fran\c{c}a and P. Moscato},
 title     = {{NP-Opt}: an optimization framework for NP problems},
 booktitle = {Proceedings of the IV SIMPOI/POMS 2001},
 pages     = {11--14},
 volume    = {},
 address   = {GuarujÃ¡, S\~ao Paulo},
 year      = {2001}
}

@inproceedings{Dorne05,
 author    = {R. Dorne and P. Mills and C. Voudouris},
 title     = {Solving Vehicle Routing using {iOpt}},
 booktitle = {Proceedings of MIC 2005 - The 6th Metaheuristics International Conference},
 pages     = {},
 volume    = {},
 address   = {Viena, \'Austria},
 year      = {2005}
}


@techreport{jMetal,
author = {Juan J. Durillo and Antonio J. Nebro and Francisco Luna and Bernab\'e Dorronsoro and Enrique Alba},
title = {{jMetal}: A Java Framework for Developing Multi-Objective Optimization Metaheuristics},
institution = {Departamento de Lenguajes y Ciencias de la Computaci\'on, University of M\'alaga},
address = {E.T.S.I. Inform\'atica, Campus de Teatinos},
number = {ITI-2006-10},
year = {2006}
}

@article{ParadisEO,
author = {Cahon, S. and Melab, N. and Talbi, E.-G.},
title = {Paradis{EO}: A Framework for the Reusable Design of Parallel
and Distributed Metaheuristics},
journal = {Journal of Heuristics},
volume = {10},
number = {3},
year = {2004},
issn = {},
pages = {357--380},
doi = {},
publisher = {Kluwer Academic Publishers},
address = {Hingham, MA, USA},
}

@article{Watanabe20011,

title = "On sampling the degree-of-freedom of Student's-t disturbances ",

journal = "Statistics \& Probability Letters ",

volume = "52",

number = "2",

pages = "177 - 181",

year = "2001",

issn = "0167-7152",

author = "Toshiaki Watanabe",

}


@article{CamposecoNegrete2013,

title = "Optimization of cutting parameters for minimizing energy consumption in turning of \{AISI\} 6061 \{T6\} using
Taguchi methodology and {ANOVA} ",

journal = "Journal of Cleaner Production ",

volume = "",



note = "InPress",

year = "2013",

issn = "0959-6526",

doi = "10.1016/j.jclepro.2013.03.049",

author = "Carmita Camposeco-Negrete",

}


@article{Civicioglu2013,

title = "Backtracking Search Optimization Algorithm for numerical optimization problems ",

journal = "Applied Mathematics and Computation ",

volume = "219",

number = "15",

pages = "8121 - 8144",

year = "2013",

note = "",

issn = "0096-3003",

doi = "10.1016/j.amc.2013.02.017",

url = "http://www.sciencedirect.com/science/article/pii/S0096300313001380",

author = "Pinar Civicioglu",

keywords = "Swarm intelligence",

keywords = "Evolutionary algorithms",

keywords = "Differential evolution",

keywords = "Numerical optimization",

keywords = "Wilcoxon Signed-Rank Test "

}



@article{Derrac2011,

title = "A practical tutorial on the use of nonparametric statistical tests as a methodology for comparing evolutionary
and swarm intelligence algorithms ",

journal = "Swarm and Evolutionary Computation ",

volume = "1",

number = "1",

pages = "3 - 18",

year = "2011",

note = "",

issn = "2210-6502",

doi = "10.1016/j.swevo.2011.02.002",

author = "Joaquín Derrac and Salvador García and Daniel Molina and Francisco Herrera",

keywords = "Statistical analysis",

keywords = "Nonparametric statistics",

keywords = "Pairwise comparisons",

keywords = "Multiple comparisons",

keywords = "Evolutionary algorithms",

keywords = "Swarm intelligence algorithms "

}


@ARTICLE{Zitzler2003,

author={Zitzler, E. and Thiele, L. and Laumanns, M. and Fonseca, C.M. and da Fonseca, V.G.},

journal={Evolutionary Computation, IEEE Transactions on},

title={Performance assessment of multiobjective optimizers: an analysis and review},

year={2003},

volume={7},

number={2},

pages={117-132},

keywords={approximation theory;genetic algorithms;Pareto-optimal set;approximation set;evolutionary
algorithms;multiobjective optimization;performance assessment;quality indicator;Algorithm design and analysis;Computer
networks;Design engineering;Electronic mail;Evolutionary computation;Helium;Laboratories;Performance analysis;Quality
assessment;Space technology},

doi={10.1109/TEVC.2003.810758},

ISSN={1089-778X},
}


@online{Luke2009Metaheuristics,
author = {Sean Luke},
title = { Essentials of Metaheuristics},
month = jun,
year = {2013},
url = {http://cs.gmu.edu/$\sim$sean/book/metaheuristics/}
}

@article{Zhang2013,

title = "Solving 0-1 knapsack problems based on amoeboid organism algorithm ",

journal = "Applied Mathematics and Computation ",

volume = "219",

number = "19",

pages = "9959 - 9970",

year = "2013",

note = "",

issn = "0096-3003",

author = "Xiaoge Zhang and Shiyan Huang and Yong Hu and Yajuan Zhang and Sankaran Mahadevan and Yong Deng",

}


@book{Goldberg1989,
 author = {Goldberg, David E.},
 title = {Genetic Algorithms in Search, Optimization and Machine Learning},
 year = {1989},
 isbn = {0201157675},
 edition = {1st},
 publisher = {Addison-Wesley Longman Publishing Co., Inc.},
 address = {Boston, MA, USA},
} 


@ARTICLE{Aleti2013-SoftwareArchitecture,
author={Aleti, A. and Buhnova, B. and Grunske, L. and Koziolek, A. and Meedeniya, I.},
journal={Software Engineering, IEEE Transactions on},
title={Software Architecture Optimization Methods: A Systematic Literature Review},
year={2013},
volume={39},
number={5},
pages={658-683},
keywords={software architecture;software quality;software architecture design;software architecture optimization method;software quality attribute;software system;Computer architecture;Optimization methods;Software;Software architecture;Systematics;Taxonomy;Software architecture optimization;optimization methods;problem overview;systematic literature review},
doi={10.1109/TSE.2012.64},
ISSN={0098-5589},}


@ARTICLE{Souza2010,
  author = {M. J. F. Souza and I. M. Coelho and S. Ribas and H. G. Santos and L. H. C. Merschmann},
  title = {A hybrid heuristic algorithm for the open-pit-mining operational planning problem},
  journal = {European Journal of Operational Research, EJOR},
  year = {2010},
  volume = {207},
  pages = {1041-1051},
  note = {}
}


@ARTICLE{Hansen-2008b,
  author = {P. Hansen and N. Mladenovi{\'{c}} and J. A. M. P\'erez},
  title = {Variable neighborhood search: methods and applications},
  journal = {4OR: Quarterly journal of the Belgian, French and Italian operations research societies},
  year = {2008},
  volume = {6},
  pages = {319--360}
}

@ARTICLE{Hansen-2008,
  author = {P. Hansen and N. Mladenovi{\'{c}} and J. A. M. P\'erez},
  title = {Variable neighborhood search},
  journal = {European Journal of Operational Research},
  year = {2008},
  volume = {191},
  pages = {593--595}
}

@INCOLLECTION{Lourenco03,
  author = {H. R. Louren\c{c}o and O. C. Martin and T. St\"utzle},
  title = {Iterated Local Search},
  booktitle = {Handbook of Metaheuristics},
  publisher = {Kluwer Academic Publishers},
  year = {2003},
  editor = {F. Glover and G. Kochenberger},
  address = {Boston}
}

@ARTICLE{Mladenovic97,
  author = {N. Mladenovi{\'{c}} and P. Hansen},
  title = {A Variable Neighborhood Search},
  journal = {Computers and Operations Research},
  year = {1997},
  volume = {24},
  pages = {1097-1100}
}

@INCOLLECTION{Resende2008,
  author = {M. G. C. Resende and C. C. Ribeiro},
  title = {Greedy Randomized Adaptive Search Procedures: Advances and Applications},
  booktitle = {Handbook of Metaheuristics},
  publisher = {Springer},
  year = {2008},
  editor = {M. Gendreau and J.Y. Potvin},
  edition = {2},
}

@BOOK{GLOV03,
  title = {Handbook of Metaheuristics},
  publisher = {Kluwer Academic Publishers},
  year = {2003},
  editor = {Glover, F. and Kochenberger, G.},
  owner = {haroldo},
  timestamp = {2010.01.31}
}

@INCOLLECTION{Glover96,
  AUTHOR = {F. Glover},
  TITLE = "{Tabu Search and adaptive memory programming - advances, applications and challenges}",
  BOOKTITLE = {Interfaces in Computer Sciences and Operations Research},
  PUBLISHER = {Kluwer Academic Publishers},
  SERIES = {},
  CHAPTER = {},
  PAGES = {1-75},
  YEAR = {1996},
  EDITOR = {R. Barr and R. Helgason and J. Kennington}
}


@INPROCEEDINGS{Coelho2011OptFrame,
  AUTHOR =       {I. M. Coelho and P. L. A. Munhoz and M. N. Haddad and V. N. Coelho and M. M. Silva and M.
J. F. Souza and L. S. Ochi},
  TITLE =        {A Computational Framework for Combinatorial Optimization Problems},
  BOOKTITLE =    {VII ALIO/EURO Workshop on Applied Combinatorial Optimization},
  YEAR =         {2011},
  editor =       {},
  number =       {},
  series =       {},
  pages =        {51-54},
  address =      {Porto},
  month =        {},
  organization = {},
  publisher =    {},
  note =         {},
  abstract =     {},
  keywords =     {},
}

@INPROCEEDINGS{Coelho2010OptFrame,
  AUTHOR =       {I. M. Coelho and S. Ribas and M. H. P. Perche and P. L. A. Munhoz and M.J. F. Souza and L. S. Ochi},
  TITLE =        {OptFrame: a computational framework for combinatorial optimization problems},
  booktitle = {XLII Simpósio Brasileiro de Pesquisa Operacional},
  year = {2010},
  pages = {1887 - 1898},
  address = {Bento Gonçalves, RS}
}

@INPROCEEDINGS{Coelho2010EternityII,
  AUTHOR =       {I. M. Coelho and B. N. Coelho and V. N. Coelho and M. N. Haddad and M. J. F. Souza and L. S. Ochi},
  TITLE =        {A General Variable Neighborhood Search approach for the resolution of the Eternity II Puzzle},
  booktitle = {Proceedings of International Conference on Metaheuristics and Nature Inspired Computing (META'10)},
  year = {2010},
  address = {Djerba Island, Tunisia}
}

@incollection {Zitzler98,
   author = {E. Zitzler and L. Thiele},
   affiliation = {Swiss Federal Institute of Technology Zurich Computer Engineering and Communication Networks
Laboratory (TIK) Gloriastrasse 35 CH-8092 Zurich Switzerland Gloriastrasse 35 CH-8092 Zurich Switzerland},
   title = {Multiobjective optimization using evolutionary algorithms - A comparative case study},
   booktitle = {Parallel Problem Solving from Nature - PPSN V},
   series = {Lecture Notes in Computer Science},
   editor = {Eiben, Agoston and Back, Thomas and Schoenauer, Marc and Schwefel, Hans-Paul},
   publisher = {Springer Berlin / Heidelberg},
   pages = {292-301},
   volume = {1498},
   year = {1998}
}

@MastersThesis{Schott95,
	author = {J. R. Schott},
	title = {Fault tolerant design using single and multicriteria genetic algorithm optimization},
	school = {Department of Aeronautics and Astronautics, Massachusetts Institute of Technology, Cambridge},
	year = {1995},
	type = {Disserta\c{c}{\~a}o de Mestrado},
	address = {Massachusetts},
}

@article{penna2013,
year={2013},
issn={1381-1231},
journal={Journal of Heuristics},
volume={19},
number={2},
title={An Iterated Local Search heuristic for the Heterogeneous Fleet Vehicle Routing Problem},
publisher={Springer US},
keywords={Heterogeneous Fleet Vehicle Routing Problem; Fleet size and mix; Metaheuristic; Iterated Local Search},
author={Penna, PucaHuachiVaz and Subramanian, Anand and Ochi, LuizSatoru},
pages={201-232},
language={English}
}

@ARTICLE{golden84,
AUTHOR = "Bruce L. Golden and Arjang A. Assad and Larry Levy and Filip Gheysens",
TITLE = "The fleet size and mix vehicle routing problem",
JOURNAL = "Computers \& OR",
PAGES = {49-66},
YEAR = {1984},
VOLUME = {}
}

@article{clarke1964,
    author = {Clarke, G. and Wright, J. W.},
    journal = {Operations Research},
    number = {4},
    pages = {568--581},
    posted-at = {2010-04-19 09:24:40},
    priority = {2},
    title = {{Scheduling of Vehicles from a Central Depot to a Number of Delivery Points}},
    volume = {12},
    year = {1964}
}

@article{Choi:2007,
 author = {Choi, Eunjeong and Tcha, Dong-Wan},
 title = {A column generation approach to the heterogeneous fleet vehicle routing problem},
 journal = {Comput. Oper. Res.},
 issue_date = {July, 2007},
 volume = {34},
 number = {7},
 month = jul,
 year = {2007},
 pages = {2080--2095},
 numpages = {16},
 publisher = {Elsevier Science Ltd.},
 address = {Oxford, UK, UK},
 keywords = {Column generation, Fleet mix, Heterogeneous fleet vehicle routing problem, Vehicle routing},
} 

@article{Baldacci2009,
  author    = {Roberto Baldacci and
               Aristide Mingozzi},
  title     = {A unified exact method for solving different classes of
               vehicle routing problems},
  journal   = {Math. Program.},
  volume    = {120},
  number    = {2},
  year      = {2009},
  pages     = {347-380}
}


@article{COSTA2017247,
title = "Less is more: basic variable neighborhood search heuristic for balanced minimum sum-of-squares clustering",
journal = "Information Sciences",
volume = "415-416",
pages = "247 - 253",
year = "2017",
issn = "0020-0255",
doi = "https://doi.org/10.1016/j.ins.2017.06.019",
author = "Leandro R. Costa and Daniel Aloise and Nenad Mladenovi{\'{c}}",
keywords = "Balanced clustering, Minimum sum-of-squares, Optimization"
}

@inproceedings{Ochi98,
  author    = {Luiz Satoru Ochi and
               Dalessandro Soares Vianna and
               L{\'u}cia Maria de A. Drummond and
               Andr{\'e} O. Victor},
  title     = {An Evolutionary Hybrid Metaheuristic for Solving the Vehicle
               Routing Problem with Heterogeneous Fleet},
  booktitle = {EuroGP},
  year      = {1998},
  pages     = {187-195},
  ee        = {http://dx.doi.org/10.1007/BFb0055938},
  bibsource = {DBLP, http://dblp.uni-trier.de}
}

@article{hernandez2013,
year={2013},
issn={1619-4500},
journal={4OR},
title={A new exact algorithm to solve the multi-trip vehicle routing problem with time windows and limited duration},
publisher={Springer-Verlag},
keywords={Vehicle routing; Time windows; Multi-trip; Column Generation; Dynamic programming; Branch and Price; 90},
author={Hernandez, F. and Feillet, D. and Giroudeau, R. and Naud, O.},
pages={1-25},
language={English},
volume={}
}

@article{Prins09,
  author    = {Christian Prins},
  title     = {Two memetic algorithms for heterogeneous fleet vehicle routing
               problems},
  journal   = {Eng. Appl. of AI},
  volume    = {22},
  number    = {6},
  year      = {2009},
  pages     = {916-928},
  ee        = {http://dx.doi.org/10.1016/j.engappai.2008.10.006},
  bibsource = {DBLP, http://dblp.uni-trier.de}
}



@PHDTHESIS{or76,
  author = {I. Or},
  title = {Traveling salesman-type combinational problems and their relation
	to the logistics of blood banking},
  school = {Northwestern University},
  year = {1976},
  address = {USA}
}

@article{Prins2002,
year={2002},
issn={1570-1166},
journal={Journal of Mathematical Modelling and Algorithms},
volume={1},
number={2},
title={Efficient Heuristics for the Heterogeneous Fleet Multitrip VRP with Application to a Large-Scale Real Case},
publisher={Kluwer Academic Publishers},
keywords={vehicle routing; heterogeneous fleet; bin packing; tabu search},
author={Prins, Christian},
pages={135-150},
language={English}
}

@article{CoelhoIgorEURO2012,

title = "A hybrid heuristic based on General Variable Neighborhood Search for the Single Vehicle Routing Problem with
Deliveries and Selective Pickups ",

journal = "Electronic Notes in Discrete Mathematics ",
volume = "39",
pages = "99 - 106",
year = "2012",
author = "I. M. Coelho and P. L. A. Munhoz and M. N. Haddad and M. J. F. Souza and L. S. Ochi",
keywords = "Single Vehicle Routing Problem with Deliveries and Selective Pickups",
keywords = "General Variable Neighborhood Search",
keywords = "Hybrid Metaheuristics "
}



@article{CoelhoVitorEURO2012,
title = "Multi-objective approaches for the open-pit mining operational planning problem ",
journal = "Electronic Notes in Discrete Mathematics ",
volume = "39",
pages = "233 - 240",
year = "2012",
issn = "1571-0653",
author = "V. N. Coelho and M. J. F. Souza and I. M. Coelho and F. G. Guimaraes and T. Lust and R. C. Cruz",
keywords = "Open-pit-mining",
keywords = "Multi-objective optimization",
keywords = "Two-phase Pareto Local Search with \{VNS\}",
keywords = "Multi-objective Variable Neighborhood Search",
keywords = "NSGA-II "
}

@article{RibeiroR12,
  author    = {Celso C. Ribeiro and
               Mauricio G. C. Resende},
  title     = {Path-relinking intensification methods for stochastic local
               search algorithms},
  journal   = {J. Heuristics},
  volume    = {18},
  number    = {2},
  year      = {2012},
  pages     = {193-214},
  ee        = {http://dx.doi.org/10.1007/s10732-011-9167-1},
  bibsource = {DBLP, http://dblp.uni-trier.de}
}

@BOOK{ElonLages2009,
  title = {Curso de análise},
  publisher = {Projeto Euclides},
  volume    = {1},
  year = {2009},
  author = {Lima, Elon Lages},
  address = {Rio de Janeiro: Associação Instituto Nacional de Matemática Pura e Aplicada}
}


@ARTICLE{Beume2009,
author={Beume, N. and Fonseca, C.M. and Lopez-Ibanez, M. and Paquete, L. and Vahrenhold, J.},
journal={Evolutionary Computation, IEEE Transactions on},
title={On the Complexity of Computing the Hypervolume Indicator},
year={2009},
volume={13},
number={5},
pages={1075 -1082},
doi={10.1109/TEVC.2009.2015575},
}


@article {Aiex07,
   author = {Aiex, Renata and Resende, Mauricio and Ribeiro, Celso},
   affiliation = {Catholic University of Rio de Janeiro Department of Computer Science Rio de Janeiro RJ 22451 Brazil},
   title = {TTTplots: a perl program to create time-to-target plots},
   journal = {Optimization Letters},
   publisher = {Springer Berlin / Heidelberg},
   keyword = {Business and Economics},
   pages = {355-366},
   volume = {1},
   issue = {4},
   year = {2007}
}

@INPROCEEDINGS{Almeida2011,
  author = {B. M. A. Almeida and V. N. Coelho and  I. M. Coelho M. J. F. Souza and B. N. Coelho},
  title = {{MSGVNS}: Um algoritmo heurístico para o problema de gerenciamento de escala operacional de controladores de
tráfego aéreo},
  booktitle = {X Simpósio de Pesquisa em Transporte Aéreo},
  year = {2011},
  pages = {1-12},
  address = {Ouro Preto, MG}
}

@article{Zhang2013a,

title = "A hybrid artificial bee colony algorithm for the job shop scheduling problem ",

journal = "International Journal of Production Economics ",

volume = "141",

number = "1",

pages = "167 - 178",

year = "2013",

author = "Rui Zhang and Shiji Song and Cheng Wu",

}



@article{Liefooghe20111,

title = "A software framework based on a conceptual unified model for evolutionary multiobjective optimization:
ParadisEO-MOEO ",

journal = "European Journal of Operational Research ",

volume = "209",

number = "2",

pages = "104 - 112",

year = "2011",

author = "Arnaud Liefooghe and Laetitia Jourdan and El-Ghazali Talbi",

keywords = "Multiple objective programming",

keywords = "Evolutionary algorithms",

keywords = "Conceptual unified model",

keywords = "Algorithm design and implementation",

keywords = "Software framework "

}



@article{Brito2012,
title = "A SA-VNS approach for the High School Timetabling Problem",
journal = "Electronic Notes in Discrete Mathematics",
volume = "39",

pages = "169 - 176",
year = "2012",
author = "Samuel S. Brito and George H.G. Fonseca and Tulio A.M. Toffolo and Haroldo G. Santos and Marcone J.F. Souza",
keywords = "Variable Neighbourhood Search",
keywords = "Simulated Annealing",
keywords = "High School Timetabling Problem",
keywords = "Third International Timetabling Competition"
}

@article{Qaurooni2013,

title = "Course timetabling using evolutionary operators ",

journal = "Applied Soft Computing ",

volume = "13",

number = "5",

pages = "2504 - 2514",

year = "2013",

author = "Danial Qaurooni and Mohammad-R. Akbarzadeh-T",

keywords = "Combinatorial optimization",

keywords = "Scheduling and timetabling",

keywords = "Evolutionary operators",

keywords = "Memetic algorithms",

keywords = "Grouping genetic algorithms "

}



@article{Essafi2008,

title = "A genetic local search algorithm for minimizing total weighted tardiness in the job-shop scheduling problem ",

journal = "Computers \& Operations Research ",

volume = "35",

number = "8",

pages = "2599 - 2616",

year = "2008",

author = "Imen Essafi and Yazid Mati and Stéphane Dauzère-Pérès",

keywords = "Job-shop scheduling",

keywords = "Total weighted tardiness",

keywords = "Hybrid genetic algorithm",

keywords = "Local search "

}

@INCOLLECTION{ResendeAndRibeiro2010,
  author = {M. G. C. Resende and C. C. Ribeiro},
  title = {Greedy randomized adaptive search procedures: Advances, hybridizations, and applications},
  booktitle = {Handbook of Metaheuristics},
  publisher = {Springer},
  year = {2010},
  edition = {2},
  editor = {M. Gendreau and J.Y. Potvin},
  pages = {283-319},
  address = {New York}
}


@INPROCEEDINGS{IgorET2010,
  author = {I. M. Coelho and B. N Coelho and V. N. Coelho and  M. N. Haddad and M. J. F. Souza and L. S. Ochi},
  title = {A General Variable Neighborhood Search approach for the resolution of the Eternity II Puzzle},
  booktitle = {International Conference on Metaheuristics and Nature Inspired Computing (META'10)},
  year = {2010},
  pages = {1-4},
  address = {Djerba Island, Tunisia.}
}

@INPROCEEDINGS{Coelho2011ESCBIC,
  author = {V. N. Coelho and M. J. F. Souza and I. M. Coelho and F. G. Guimarães and B. N. Coelho},
  title = {Estratégias Evolutivas aplicadas a um problema de Programação Inteira Mista},
  booktitle = {Anais X Congresso Brasileiro de Inteligência Computaciona (CBIC)},
  year = {2011},
  volume = {1},
  pages = {1-8},
  address = {Fortaleza/CE}
}

@INPROCEEDINGS{Coelho2011ESSPOLM,
  author = {V. N. Coelho and M. J. F. Souza and I. M. Coelho and F. G. Guimarães and B. N. Coelho},
  title = {Um Algoritmo Baseado em Estratégias Evolutivas para o Problema de Planejamento Operacional de Lavra},
  booktitle = {Anais XIV Simpósio de Pesquisa Operacional \& Logística da Marinha (SPOLM)},
  year = {2011},
  volume = {1},
  pages = {1-12},
  address = {Rio de Janeiro/RJ}
}



@article{Osman1993,
    author = {Osman, Ibrahim H.},
    doi = {10.1007/bf02023004},
    issn = {0254-5330},
    journal = {Annals of Operations Research},
    month = dec,
    number = {4},
    pages = {421--451},
    title = {{Metastrategy simulated annealing and tabu search algorithms for the vehicle routing problem}},
    volume = {41},
    year = {1993}
}

@article{Taillard1997,
    author = {Taillard, Eric and Badeau, Philippe and Gendreau, Michel and Guertin, Francois and Potvin, Jean-Yves},
    doi = {10.1287/trsc.31.2.170},
    journal = {Transportation Science},
    month = may,
    number = {2},
    pages = {170--186},
    priority = {2},
    title = {{A Tabu Search Heuristic for the Vehicle Routing Problem with Soft Time Windows}},
    volume = {31},
    year = {1997}
}

@ONLINE{Souza2013,
author = {M. J. F. Souza},
title = {Notas de aula: Inteligência Computacional para Otimização},
month = may,
year = {2013},
url = {http://www.decom.ufop.br/prof/marcone}
}

@book{Applegate2007,
 author = {Applegate, David L. and Bixby, Robert E. and Chvatal, Vasek and Cook, William J.},
 title = {The Traveling Salesman Problem: A Computational Study (Princeton Series in Applied Mathematics)},
 year = {2007},
 isbn = {0691129932, 9780691129938},
 publisher = {Princeton University Press},
 address = {Princeton, NJ, USA},
} 




@Article{ Feo95,
	author = "T. A. Feo and M. G. C. Resende",
	title = "Greedy randomized adaptive search procedures",
	journal = "Journal of Global Optimization",
	volume = "6",
	number = "",
	pages = "109--133",
	year = "1995"
}



@INCOLLECTION{ResendeAndRibeiro2003,
  author = {M. G. C. Resende and C. C. Ribeiro},
  title = {Greedy randomized adaptive search procedures},
  booktitle = {Handbook of Metaheuristics},
  publisher = {Kluwer Academic Publishers},
  year = {2003},
  editor = {F. Glover and G. Kochenberger},
  pages = {219-242},
  address = {Boston}
}


@Book{Glover97,
	title = "{Tabu Search}",
	publisher = "Kluwer Academic Publishers",
	year = "1997",
	author = "F. Glover and M. Laguna",
	address = "Boston",
	keywords = "PO"
}

@article{Yang2010,

title = "An improved ant colony optimization algorithm for solving a complex combinatorial optimization problem ",

journal = "Applied Soft Computing ",

volume = "10",

number = "2",

pages = "653 - 660",

year = "2010",

author = "Jingan Yang and Yanbin Zhuang",

}



@article{Blum2005,

title = "Ant colony optimization: Introduction and recent trends ",

journal = "Physics of Life Reviews ",

volume = "2",

number = "4",

pages = "353 - 373",

year = "2005",

author = "Christian Blum",

}


@incollection{Glover-1996,
author               = {F. Glover},
booktitle            = {Computing Tools for Modeling, Optimization and Simulation: Interfaces in Computer Science and Operations Research},
editor               = {R. S. Barr and R. V. Helgason and J. L. Kennington},
pages                = {1--75},
publisher            = {Kluwer Academic Publishers},
title                = {Tabu search and adaptive memory programming - Advances, applications and challenges},
year                 = {1996},
}

@article{Coelho2016,
title = "An {ILS}-based algorithm to solve a large-scale real heterogeneous fleet {VRP} with multi-trips and docking constraints ",
journal = "European Journal of Operational Research ",
volume = "250",
number = "2",
pages = "367 - 376",
year = "2016",
issn = "0377-2217",
doi = "http://dx.doi.org/10.1016/j.ejor.2015.09.047",
author = "V. N. Coelho and A. Grasas and H. Ramalhinho and I. M. Coelho and M. J. F. Souza and R. C. Cruz",
}


@inproceedings{giagkiozis2013liger,
  title={Liger: an open source integrated optimization environment},
  author={Giagkiozis, Ioannis and Lygoe, Robert J and Fleming, Peter J},
  booktitle={Proceedings of the 15th annual conference companion on Genetic and evolutionary computation},
  pages={1089--1096},
  year={2013},
  organization={ACM}
}


@article{Coelho2016AppliedEnergy,

title = "A self-adaptive evolutionary fuzzy model for load forecasting problems on smart grid environment",

journal = "Applied Energy ",


pages = "1 - 44",

year = "2016",

note = "to appear",

issn = "0306-2619",


author = "V. N. Coelho and I. M. Coelho and B. N. Coelho and M. W. Cohen and M. J. F. Souza and A. J. Reis and R. Enayatifar and P. Fleming and F. G. Guimaraes",

}

@article{Coelho2016RenewableEnergy,
title = "Multi-objective energy storage power dispatching using plug-in vehicles in a smart-microgrid ",
journal = "Renewable Energy ",
volume = "89",
pages = "730 - 742",
year = "2016",
issn = "0960-1481",
doi = "http://dx.doi.org/10.1016/j.renene.2015.11.084",
author = "Vitor N. Coelho and Igor M. Coelho and Bruno N. Coelho and Miri Weiss Cohen and Agnaldo J.R. Reis and Sidelmo M. Silva and Marcone J.F. Souza and Peter J. Fleming and F. G. Guimaraes",
}

@Article{Hansen2009,
author="Hansen, Pierre and Mladenovi{\'{c}}, Nenad and Moreno P{\'e}rez, Jos{\'e} A.",
title="Variable neighbourhood search: methods and applications",
journal="Annals of Operations Research",
year="2009",
volume="175",
number="1",
pages="367--407",
issn="1572-9338",
doi="10.1007/s10479-009-0657-6",
}


@article{Dong2015,
title = "Self-adaptive perturbation and multi-neighborhood search for iterated local search on the permutation flow shop problem ",
journal = "Computers \& Industrial Engineering ",
volume = "87",
pages = "176 - 185",
year = "2015",
issn = "0360-8352",
doi = "http://dx.doi.org/10.1016/j.cie.2015.04.030",
author = "Xingye Dong and Maciek Nowak and Ping Chen and Youfang Lin",
}


@Article{Schneider2014,
author="Schneider, Michael and Stenger, Andreas and Hof, Julian",
title="An adaptive VNS algorithm for vehicle routing problems with intermediate stops",
journal="OR Spectrum",
year="2014",
volume="37",
number="2",
pages="353--387",
issn="1436-6304",
doi="10.1007/s00291-014-0376-5",
}


@Inbook{Hansen2005,
author="Hansen, Pierre and Mladenovi{\'{c}}, Nenad",
chapter="Variable Neighborhood Search",
title="Search Methodologies: Introductory Tutorials in Optimization and Decision Support Techniques",
year="2005",
publisher="Springer US",
address="Boston, MA",
pages="211--238",
isbn="978-0-387-28356-2",
doi="10.1007/0-387-28356-0_8",
}


@Inbook{Hosny2010,
author="Hosny, Manar I. and Mumford, Christine L.",
chapter="Solving the One-Commodity Pickup and Delivery Problem Using an Adaptive Hybrid VNS/SA Approach",
title="Parallel Problem Solving from Nature, PPSN XI: 11th International Conference, Krak{\'o}w, Poland, September 11-15, 2010, Proceedings, Part II",
year="2010",
publisher="Springer Berlin Heidelberg",
address="Berlin, Heidelberg",
pages="189--198",
isbn="978-3-642-15871-1",
doi="10.1007/978-3-642-15871-1_20",
}


@article{Xiao2011,
title = "A reduced variable neighborhood search algorithm for uncapacitated multilevel lot-sizing problems",
journal = "European Journal of Operational Research ",
volume = "214",
number = "2",
pages = "223 - 231",
year = "2011",
issn = "0377-2217",
doi = "http://dx.doi.org/10.1016/j.ejor.2011.04.015",
author = "Yiyong Xiao and Ikou Kaku and Qiuhong Zhao and Renqian Zhang",
}


@article{Li2015,
title = "Iterated local search embedded adaptive neighborhood selection approach for the multi-depot vehicle routing problem with simultaneous deliveries and pickups ",
journal = "Expert Systems with Applications ",
volume = "42",
number = "7",
pages = "3551 - 3561",
year = "2015",
issn = "0957-4174",
doi = "http://dx.doi.org/10.1016/j.eswa.2014.12.004",
author = "Jian Li and Panos M. Pardalos and Hao Sun and Jun Pei and Yong Zhang",
}


@incollection{pisinger2010large,
  title={Large neighborhood search},
  author={Pisinger, David and Ropke, Stefan},
  booktitle={Handbook of metaheuristics},
  pages={399--419},
  year={2010},
  publisher={Springer}
}



@article{Oliveira2015,
title = "A hybrid variable neighborhood search algorithm for targeted offers in direct marketing",
journal = "Electronic Notes in Discrete Mathematics ",
volume = "47",
pages = "205 - 212",
year = "2015",
note = "The 3rd International Conference on Variable Neighborhood Search (VNS'14) ",
issn = "1571-0653",
doi = "http://dx.doi.org/10.1016/j.endm.2014.11.027",
author = "T. A. Oliveira and V. N. Coelho and M. J. F. Souza and D. L. T. Boava and F. Boava and I. M. Coelho and B. N. Coelho"
}


@article{coelho2017generic,
  title={Generic Pareto local search metaheuristic for optimization of targeted offers in a bi-objective direct marketing campaign},
  author={Coelho, Vitor N and Oliveira, Thays A and Coelho, Igor M and Coelho, Bruno N and Fleming, Peter J and Guimar{\~a}es, Frederico G and Ramalhinho, Helena and Souza, Marcone JF and Talbi, El-Ghazali and Lust, Thibaut},
  journal={Computers \& Operations Research},
  volume={78},
  pages={578--587},
  year={2017},
  publisher={Elsevier}
}



@article{Hanssens2005,
 author = {Hanssens, Dominique M. and Leeflang, Peter S. H. and Wittink, Dick R.},
 title = {Market response models and marketing practice: Research Articles},
 journal = {Appl. Stoch. Model. Bus. Ind.},
 issue_date = {July 2005},
 volume = {21},
 number = {4-5},
 year = {2005},
 issn = {1524-1904},
 pages = {423--434},
 numpages = {12},
 doi = {10.1002/asmb.v21:4/5},
} 

@book{Kellerer2004,
  author    = {Hans Kellerer and Ulrich Pferschy and David Pisinger},
  title     = {Knapsack problems},
  publisher = {Springer},
  year      = {2004},
  isbn      = {978-3-540-40286-2},
  pages     = {I-XX, 1-546}
}



@article{Nobibon2011,
title = "Optimization models for targeted offers in direct marketing: Exact and heuristic algorithms ",
journal = "European Journal of Operational Research ",
volume = "210",
number = "3",
pages = "670 - 683",
year = "2011",
issn = "0377-2217",
doi = "10.1016/j.ejor.2010.10.019",
author = "Fabrice Talla Nobibon and Roel Leus and Frits C.R. Spieksma",
}

@inproceedings{Moro2012,
	author = {Moro, Sérgio and Laureano, M. S. Raul and Cortez, Paulo},
	booktitle = {CAlg - Artigos em livros de atas/Papers in proceedings: [534]},
	pages = {1--9},
	publisher = {European Marketing Academy},
  	url = {http://hdl.handle.net/1822/21409},
	title = {Enhancing bank direct marketing through data mining},
	year = {2012}
}

@Article{Hansen-pmed2009,
author="Hansen, Pierre and Brimberg, Jack and Uro{\v{s}}evi{\'{c}}, Dragan and Mladenovi{\'{c}}, Nenad",
title="Solving large p-median clustering problems by primal--dual variable neighborhood search",
journal="Data Mining and Knowledge Discovery",
year="2009",
volume="19",
number="3",
pages="351--375",
issn="1573-756X",
doi="10.1007/s10618-009-0135-4",
}




@article{RigoMariani2014,

title = "Optimal power dispatching strategies in smart-microgrids with storage ",

journal = "Renewable and Sustainable Energy Reviews ",

volume = "40",



pages = "649 - 658",

year = "2014",

note = "",

issn = "1364-0321",

doi = "http://dx.doi.org/10.1016/j.rser.2014.07.138",

author = "Rémy Rigo-Mariani and Bruno Sareni and Xavier Roboam and Christophe Turpin",

}

@ARTICLE{Levron2013,
author={Levron, Y. and Guerrero, J.M. and Beck, Y.},
journal={Power Systems, IEEE Transactions on},
title={Optimal Power Flow in Microgrids With Energy Storage},
year={2013},
month={Aug},
volume={28},
number={3},
pages={3226-3234},
}

@ARTICLE{OlivaresMGIEEE2014,
author={Olivares, D.E. and Mehrizi-Sani, A. and Etemadi, A.H. and Canizares, C.A. and Iravani, R. and Kazerani, M. and Hajimiragha, A.H. and Gomis-Bellmunt, O. and Saeedifard, M. and Palma-Behnke, R. and Jimenez-Estevez, G.A. and Hatziargyriou, N.D.},
journal={Smart Grid, IEEE Transactions on},
title={Trends in Microgrid Control},
year={2014},
month={July},
volume={5},
number={4},
pages={1905-1919},
doi={10.1109/TSG.2013.2295514},
ISSN={1949-3053}
}



@article{Raza2015,

title = "A review on artificial intelligence based load demand forecasting techniques for smart grid and buildings ",

journal = "Renewable and Sustainable Energy Reviews ",

volume = "50",

pages = "1352 - 1372",

year = "2015",

issn = "1364-0321",

doi = "http://dx.doi.org/10.1016/j.rser.2015.04.065",

author = "Muhammad Qamar Raza and Abbas Khosravi",

}


@Inbook{Johnson1990,
author="Johnson, David S.",
chapter="Local optimization and the Traveling Salesman Problem",
title="Automata, Languages and Programming: 17th International Colloquium Warwick University, England, July 16--20, 1990 Proceedings",
year="1990",
publisher="Springer Berlin Heidelberg",
address="Berlin, Heidelberg",
pages="446--461",
isbn="978-3-540-47159-2",
doi="10.1007/BFb0032050",
url="http://dx.doi.org/10.1007/BFb0032050"
}



@Article{Coelho2016MIT,
author={Coelho, V. N.
and Coelho, I. M.
and Souza, M. J. F.
and Oliveira, T. A.
and Cota, L. P.
and Haddad, M. N.
and Mladenovi{\'{c}}, N.
and Silva, R. C. P.
and Guimar{\~a}es, F. G.},
title={Hybrid Self-Adaptive Evolution Strategies Guided by Neighborhood Structures for Combinatorial Optimization Problems},
journal={Evolutionary Computation},
year={2016},
volume={24},
number={4},
pages={637-666},
issn={1063-6560},
doi={10.1162/EVCO_a_00187},
}

@Article{kirkpatrick1983SA,
	author 		= {S. Kirkpatrick and C. D. Gelatt and M. P. Vecchi},
	title 		= {Optimization by Simulated Annealing},
	journal 	= {Science},
  volume = {220},
  number = {4598},
	month 		= {May},
	pages 		= {671--680},
	url 		= {citeseer.ist.psu.edu/kirkpatrick83optimization.html},
	year 		= {1983}
}



@inproceedings{knowles1999pareto,
  title={The pareto archived evolution strategy: A new baseline algorithm for pareto multiobjective optimisation},
  author={Knowles, Joshua and Corne, David},
  booktitle={Evolutionary Computation, 1999. CEC 99. Proceedings of the 1999 Congress on},
  volume={1},
  pages={98--105},
  year={1999},
  address = {Washington, USA},
  organization={IEEE}
}
